@incollection{stone2007introduction,
  title={Introduction to fluid dynamics for microfluidic flows},
  author={Stone, Howard A},
  booktitle={CMOS Biotechnology},
  pages={5--30},
  year={2007},
  publisher={Springer}
}