@incollection{stone2007introduction,
  title={Introduction to fluid dynamics for microfluidic flows},
  author={Stone, Howard A},
  booktitle={CMOS Biotechnology},
  pages={5--30},
  year={2007},
  publisher={Springer}
}

@article{burghout2005,
  title={Hybrid mesoscopic-microscopic traffic simulation},
  author={Burghout, Wilco and Koutsopoulos, Haris N and Andreasson, Ingmar},
  journal={Transportation Research Record: Journal of the Transportation Research Board},
  volume={1934},
  number={1},
  pages={218--255},
  year={2005},
  publisher={Trans Res Board}
}
@article{piccolireview,
  title={A REVIEW OF CONTINUUM MATHEMATICAL MODELS OF VEHICULAR TRAFFIC},
  author={PICCOLI, BENEDETTO and TOSIN, ANDREA}
}
@article{kurttraffic,
  title={Traffic jams, granular flow, and soliton selection},
  author={Kurtze, Douglas A and Hong, Daniel C},
  journal={Physical Review E},
  volume={52},
  number={1},
  pages={218},
  year={1995},
  publisher={APS}
}
@book{elvik2009handbook,
  title={The handbook of road safety measures},
  author={Elvik, Rune and Vaa, Truls and Erke, Alena and Sorensen, Michael},
  year={2009},
  publisher={Emerald Group Publishing}
}
@ONLINE{GovStats,
author= {U.S. Dept of Trans},
title= {National Motor Vehicle Crash Causation Survey},
month= july,
year= {2008},
url= {http://www-nrd.nhtsa.dot.gov/Pubs/811059.PDF}
}
@article{seiboldconstructing,
  title={Constructing set-valued fundamental diagrams from jamiton solutions in second order traffic models},
  author={Seibold, Benjamin and Flynn, Morris R and Kasimov, Aslan R and Rosales, Rodolfo Ruben},
  journal={arXiv preprint arXiv:1204.5510},
  year={2012}
}
@book{FundTrafficEng,
title={Fundamentals of Traffic Engineering- 8th Edition},
author={Kennedy, Norman},
year={1973},
publisher={Berkley}
}